<collection xmlns="http://www.loc.gov/MARC21/slim"><record><leader>00757nam  2200229   450</leader><controlfield tag="001">315</controlfield><controlfield tag="003">http://montalegre.opacnet.com/OPAC/default.aspx?ContentAreaControl=ShowRegHoldings.ascx&amp;RegNo=16662</controlfield><datafield tag="021" ind1=" " ind2=" "><subfield code="a">PT</subfield><subfield code="b">7673/85</subfield></datafield><datafield tag="095" ind1=" " ind2=" "><subfield code="a">PTBN00973580</subfield></datafield><datafield tag="100" ind1=" " ind2=" "><subfield code="a">20061013d1966    m  y0pory010305  ba</subfield></datafield><datafield tag="101" ind1="1" ind2=" "><subfield code="a">por</subfield><subfield code="c">eng</subfield></datafield><datafield tag="102" ind1=" " ind2=" "><subfield code="a">PT</subfield></datafield><datafield tag="200" ind1="1" ind2=" "><subfield code="a">Salve-se quem puder</subfield><subfield code="f">Lawrence Durrell</subfield><subfield code="g">trad. Daniel Gonçalves</subfield></datafield><datafield tag="210" ind1=" " ind2=" "><subfield code="a">[Lisboa]</subfield><subfield code="c">Ulisseia</subfield><subfield code="d">1966</subfield></datafield><datafield tag="215" ind1=" " ind2=" "><subfield code="a">117 p.</subfield><subfield code="d">22 cm</subfield></datafield><datafield tag="225" ind1="2" ind2=" "><subfield code="a">Clássicos do romance contemporâneo</subfield><subfield code="v">51</subfield></datafield><datafield tag="304" ind1=" " ind2=" "><subfield code="a">Tít. orig.: Sauve qui peut</subfield></datafield><datafield tag="675" ind1=" " ind2=" "><subfield code="a">821</subfield></datafield><datafield tag="700" ind1=" " ind2="1"><subfield code="a">Durrell</subfield><subfield code="b">Lawrence</subfield><subfield code="f">1912-1990</subfield></datafield><datafield tag="702" ind1=" " ind2="1"><subfield code="a">Gonçalves</subfield><subfield code="b">Daniel</subfield><subfield code="f">1921-</subfield><subfield code="4">730</subfield></datafield><datafield tag="801" ind1=" " ind2="0"><subfield code="a">PT</subfield><subfield code="b">Biblioteca Municipal de Montalegre</subfield><subfield code="g">RPC</subfield></datafield><datafield tag="856" ind1=" " ind2=" "><subfield code="u">locateMedia.asp?cod=20060511141911&amp;ext=jpg</subfield><subfield code="z">CAPA</subfield></datafield><datafield tag="909" ind1="&#9;" ind2=" "><subfield code="a">1</subfield></datafield><datafield tag="966" ind1=" " ind2=" "><subfield code="a">0008591</subfield><subfield code="l">BMM</subfield><subfield code="s">SCG 821 DUR sal 51</subfield></datafield></record></collection>